@book{lance_hilbert_1995,
	edition = {1},
	title = {Hilbert {C}*-{Modules}: {A} {Toolkit} for {Operator} {Algebraists}},
	copyright = {https://www.cambridge.org/core/terms},
	isbn = {9780521479103 9780511526206},
	shorttitle = {Hilbert {C}*-{Modules}},
	url = {https://www.cambridge.org/core/product/identifier/9780511526206/type/book},
	urldate = {2024-05-01},
	publisher = {Cambridge University Press},
	author = {Lance, E. Christopher},
	month = mar,
	year = {1995},
	doi = {10.1017/CBO9780511526206},
}

@book{engel_one-parameter_2000,
	address = {New York Heidelberg},
	series = {Graduate texts in mathematics},
	title = {One-parameter semigroups for linear evolution equations},
	isbn = {9781475774092 9780387984636},
	language = {eng},
	number = {194},
	publisher = {Springer},
	author = {Engel, Klaus-Jochen and Nagel, Rainer and Brendle, Simon},
	year = {2000},
}

@book{Bauer+2001,
url = {https://doi.org/10.1515/9783110866209},
title = {Measure and Integration Theory},
author = {Heinz Bauer},
publisher = {De Gruyter},
address = {Berlin, New York},
doi = {doi:10.1515/9783110866209},
isbn = {9783110866209},
year = {2001},
lastchecked = {2024-06-06}
}

@book{robertson_topological_1980,
	address = {Cambridge},
	series = {Cambridge tracts in mathematics and mathematical physics},
	title = {Topological vector spaces},
	isbn = {9780521298827},
	number = {53},
	publisher = {Cambridge Univ. Pr},
	author = {Robertson, Alexander P. and Robertson, Wendy},
	year = {1980},
}

@book{blyth_orderedAlgebraicStructures,
	doi = {10.1007/b139095},
	address = {London},
	series = {Universitext},
	title = {Lattices and Ordered Algebraic Structures},
	isbn = {978-1-84628-127-37},
	publisher = {Springer},
	author = {Blyth, T. S.},
	year = {2005},
}

@book{zaanen_introOperatorTheoryRieszSpaces,
	doi = {10.1007/978-3-642-60637-3},
	address = {Berlin, Heidelberg},
	series = {Springer},
	title = {Introduction to Operator Theory in Riesz Spaces},
	isbn = {978-3-642-60637-3},
	publisher = {Springer},
	author = {Zaanen, Adriaan C.},
	year = {1997},
}

@book{gahler_grundstrukturen_1977,
	address = {Basel},
	title = {Grundstrukturen der {Analysis} {I}},
	copyright = {http://www.springer.com/tdm},
	isbn = {9783764309015 9783034855723},
	url = {http://link.springer.com/10.1007/978-3-0348-5572-3},
	language = {de},
	urldate = {2024-07-10},
	publisher = {Birkhäuser Basel},
	author = {Gähler, Werner},
	year = {1977},
	doi = {10.1007/978-3-0348-5572-3},
}
@book{conwayFA,
	address = {New York, NY},
	series = {Graduate {Texts} in {Mathematics}},
	title = {A {Course} in {Functional} {Analysis}},
	volume = {96},
	copyright = {http://www.springer.com/tdm},
	isbn = {9781441930927 9781475743838},
	url = {http://link.springer.com/10.1007/978-1-4757-4383-8},
	language = {en},
	urldate = {2024-08-03},
	publisher = {Springer New York},
	author = {Conway, John B.},
	year = {2007},
	doi = {10.1007/978-1-4757-4383-8},
}
@book{rudinFA,
  title={Functional Analysis},
  author={Rudin, W.},
  isbn={9780070995581},
  lccn={71039686},
  series={International series in pure and applied mathematics},
  url={https://books.google.be/books?id=h7RdNAAACAAJ},
  year={1974},
  publisher={Tata McGraw-Hill}
}


% ------------------------------------------------------------------

@article{abela_different_2022,
	title = {On different modes of order convergence and some applications},
	volume = {26},
	issn = {1385-1292, 1572-9281},
	url = {https://link.springer.com/10.1007/s11117-022-00885-2},
	doi = {10.1007/s11117-022-00885-2},
	number = {1},
	urldate = {2024-05-19},
	journal = {Positivity},
	author = {Abela, Kevin and Chetcuti, Emmanuel and Weber, Hans},
	month = feb,
	year = {2022},
	pages = {14},
}

@article{VANDERWALT2011138,
title = {The order convergence structure},
journal = {Indagationes Mathematicae},
volume = {21},
number = {3},
pages = {138-155},
year = {2011},
issn = {0019-3577},
doi = {https://doi.org/10.1016/j.indag.2011.02.004},
url = {https://www.sciencedirect.com/science/article/pii/S0019357711000097},
author = {Jan Harm {van der Walt}},
keywords = {Order convergence, Convergence structure, Riesz space},
abstract = {In this paper, we study order convergence and the order convergence structure in the context of σ-distributive lattices. Particular emphasis is placed on spaces with additional algebraic structure: we show that on a Riesz algebra with σ-order continuous multiplication, the order convergence structure is an algebra convergence structure, and construct the convergence vector space completion of an Archimedean Riesz space with respect to the order convergence structure.}
}

@article{cook_continuous_1968,
	title = {On continuous extensions},
	volume = {176},
	copyright = {http://www.springer.com/tdm},
	issn = {0025-5831, 1432-1807},
	url = {http://link.springer.com/10.1007/BF02052890},
	doi = {10.1007/BF02052890},
	language = {en},
	number = {4},
	urldate = {2024-07-11},
	journal = {Mathematische Annalen},
	author = {Cook, C. H.},
	month = apr,
	year = {1968},
	pages = {302--304},
}

@article{Moslehian_2019,
   title={Positivity of $2\times 2$ block matrices of operators},
   volume={13},
   ISSN={1735-8787},
   url={http://dx.doi.org/10.1215/17358787-2019-0019},
   DOI={10.1215/17358787-2019-0019},
   number={3},
   journal={Banach Journal of Mathematical Analysis},
   publisher={Springer Science and Business Media LLC},
   author={Moslehian, Mohammad Sal and Kian, Mohsen and Xu, Qingxiang},
   year={2019},
   month=jul, pages={726–743} }
